<record><leader>00000cas a22000007a 4500</leader><controlfield tag="001">12537317</controlfield><controlfield tag="008">850911d18551857iauwr ne      0    0eng d</controlfield><datafield ind1=" " ind2=" " tag="010"><subfield code="a">sn 85050916 </subfield></datafield><datafield ind1=" " ind2=" " tag="040"><subfield code="a">INP</subfield><subfield code="b">eng</subfield><subfield code="c">INP</subfield><subfield code="d">OCLCQ</subfield></datafield><datafield ind1=" " ind2=" " tag="042"><subfield code="a">msc</subfield></datafield><datafield ind1="0" ind2="4" tag="245"><subfield code="a">The Central journal.</subfield></datafield><datafield ind1="3" ind2="0" tag="246"><subfield code="a">Journal</subfield></datafield><datafield ind1="1" ind2="3" tag="246"><subfield code="a">Iowa central journal</subfield></datafield><datafield ind1=" " ind2=" " tag="260"><subfield code="a">Lafayette [Albion] Iowa :</subfield><subfield code="b">Chapin</subfield></datafield><datafield ind1=" " ind2=" " tag="300"><subfield code="a">v. :</subfield><subfield code="b">ill.</subfield></datafield><datafield ind1=" " ind2=" " tag="310"><subfield code="a">Weekly</subfield></datafield><datafield ind1="1" ind2=" " tag="362"><subfield code="a">Began in Nov. 1855; ceased in May 1857.</subfield><subfield code="z">Cf. Bibl. of Iowa newspapers.</subfield></datafield><datafield ind1=" " ind2=" " tag="500"><subfield code="a">Publishers: Tripp, &lt;Nov. 1855&gt;; Chapin &amp; Barnhart, Jan. 21-&lt;Apr. 22&gt;, 1857.</subfield></datafield><datafield ind1=" " ind2=" " tag="500"><subfield code="a">Lafayette, Iowa, now called Albion, Iowa.</subfield></datafield><datafield ind1=" " ind2=" " tag="500"><subfield code="a">"A paper for the times--independent in all things, neutral in nothing."</subfield></datafield><datafield ind1=" " ind2=" " tag="500"><subfield code="a">Editors: Thomas J. Wilson, &lt;Nov. 1855&gt;; Edwin C. Chapin, Dec. 31, 1856-Apr. 22, 1857.</subfield></datafield><datafield ind1=" " ind2=" " tag="588"><subfield code="a">Description based on: Vol. 1, no. 50 (Dec. 31, 1856).</subfield></datafield><datafield ind1=" " ind2=" " tag="752"><subfield code="a">United States</subfield><subfield code="b">Iowa</subfield><subfield code="c">Marshall</subfield><subfield code="d">Lafayette.</subfield></datafield><datafield ind1=" " ind2=" " tag="752"><subfield code="a">United States</subfield><subfield code="b">Iowa</subfield><subfield code="c">Marshall</subfield><subfield code="d">Albion.</subfield></datafield><datafield ind1="0" ind2="0" tag="785"><subfield code="t">Iowa central journal</subfield><subfield code="w">(DLC)sn 85050917</subfield></datafield><datafield ind1="1" ind2=" " tag="029"><subfield code="a">AU@</subfield><subfield code="b">000025789706</subfield></datafield></record>